@book{berinato2016good,
  title={Good Charts: The HBR Guide to Making Smarter, More Persuasive Data Visualizations},
  author={Berinato, S.},
  isbn={9781633690714},
  lccn={2015046676},
  url={https://books.google.com.br/books?id=\_kJBCgAAQBAJ},
  year={2016},
  publisher={Harvard Business Review Press}
}

@book{wilkinson2013grammar,
  title={The Grammar of Graphics},
  author={Wilkinson, L. and Wills, D. and Rope, D. and Norton, A. and Dubbs, R.},
  isbn={9781475731002},
  lccn={99014731},
  series={Statistics and Computing},
  url={https://books.google.com.br/books?id=ZiwLCAAAQBAJ},
  year={2013},
  publisher={Springer New York}
}

@book{teutonico2015ggplot2,
  title={ggplot2 Essentials},
  author={Teutonico, D.},
  isbn={9781785287558},
  url={https://books.google.com.br/books?id=zN0DCgAAQBAJ},
  year={2015},
  publisher={Packt Publishing}
}

@book{wickham2016ggplot2,
  title={ggplot2: Elegant Graphics for Data Analysis},
  author={Wickham, H.},
  isbn={9783319242774},
  lccn={2016937314},
  series={Use R!},
  url={https://books.google.com.br/books?id=XgFkDAAAQBAJ},
  year={2016},
  publisher={Springer International Publishing}
}

@book{kirk2012data,
  title={Data Visualization: A Successful Design Process},
  author={Kirk, A.},
  isbn={9781849693479},
  series={Community experience distilled},
  url={https://books.google.com.br/books?id=I4qBVLfD3t4C},
  year={2012},
  publisher={Packt Pub.}
}

@book{rahlf2017data,
  title={Data Visualisation with R: 100 Examples},
  author={Rahlf, T.},
  isbn={9783319497518},
  url={https://books.google.com.br/books?id=k1sLDgAAQBAJ},
  year={2017},
  publisher={Springer International Publishing}
}

@book{telea2014data,
  title={Data Visualization: Principles and Practice, Second Edition},
  author={Telea, A.C.},
  isbn={9781466585263},
  lccn={2014008643},
  url={https://books.google.com.br/books?id=2WoLBAAAQBAJ},
  year={2014},
  publisher={Taylor \& Francis}
}

@book{knaflic2015storytelling,
  title={Storytelling with Data: A Data Visualization Guide for Business Professionals},
  author={Knaflic, C.N.},
  isbn={9781119002062},
  lccn={2015452957},
  url={https://books.google.com.br/books?id=rRSRCgAAQBAJ},
  year={2015},
  publisher={Wiley}
}

@book{wexler2017big,
  title={The Big Book of Dashboards: Visualizing Your Data Using Real-World Business Scenarios},
  author={Wexler, S. and Shaffer, J. and Cotgreave, A.},
  isbn={9781119282716},
  lccn={2016052146},
  series={BusinessPro collection},
  url={https://books.google.com.br/books?id=\_92RDgAAQBAJ},
  year={2017},
  publisher={Wiley}
}

@book{miller2017big,
  title={Big Data Visualization},
  author={Miller, J.D.},
  isbn={9781785281945},
  url={https://books.google.com.br/books?id=819WvgAACAAJ},
  year={2017},
  publisher={Packt Publishing}
}
