% This file was created with JabRef 2.10.
% Encoding: UTF-8


@Book{beeley2016web,
  Title                    = {Web Application Development with {R} Using {Shiny}},
  Author                   = {Beeley, C.},
  Publisher                = {Packt Publishing},
  Year                     = {2016},

  ISBN                     = {9781785289682},
  Url                      = {https://books.google.com.br/books?id=FW0dDAAAQBAJ}
}

@Book{dominik2014org,
  Title                    = {The {Org Mode} 8 Reference Manual - Organize Your Life with {GNU Emacs}},
  Author                   = {Dominik, C.},
  Publisher                = {Samurai Media Limited},
  Year                     = {2014},
  Series                   = {A GNU manual},

  ISBN                     = {9789881327703},
  Url                      = {https://books.google.com.br/books?id=5e7aoQEACAAJ}
}

@Book{gandrud2016reproducible,
  Title                    = {Reproducible Research with {R} and {R Studio}, Second Edition},
  Author                   = {Gandrud, C.},
  Publisher                = {CRC Press},
  Year                     = {2016},
  Series                   = {Chapman \& Hall/CRC The {R} Series},

  ISBN                     = {9781498715386},
  Url                      = {https://books.google.com.br/books?id=Ce35CQAAQBAJ}
}

@Book{iskandar2009normas,
  Title                    = {Normas da {ABNT} - Comentadas para Trabalhos Cient{\'\i}ficos - 3a Edi{\c{c}}{\~a}o - Revista e Atualizada},
  Author                   = {Iskandar, J.I.},
  Publisher                = {Juru{\'a}},
  Year                     = {2009},

  ISBN                     = {9788536219141},
  Url                      = {https://books.google.com.br/books?id=ZUGFjZw7zHAC}
}

@Book{kopka2003guide,
  Title                    = {Guide to {LaTeX}},
  Author                   = {Kopka, H. and Daly, P.W.},
  Publisher                = {Pearson Education},
  Year                     = {2003},
  Series                   = {Tools and Techniques for Computer Typesetting},

  ISBN                     = {9780321617743},
  Url                      = {https://books.google.com.br/books?id=BTPgB6dzhG4C}
}

@Book{lawrence2016programming,
  Title                    = {Programming Graphical User Interfaces in {R}},
  Author                   = {Lawrence, M. and Verzani, J.},
  Publisher                = {CRC Press},
  Year                     = {2016},
  Series                   = {Chapman \& Hall/CRC The {R} Series},

  ISBN                     = {9781439856833},
  Lccn                     = {2012014568},
  Url                      = {https://books.google.com.br/books?id=J-3RBQAAQBAJ}
}

@Book{pereira2012artigos,
  Title                    = {Artigos cient{\'\i}ficos: como redigir, publicar e avaliar},
  Author                   = {Pereira, M.G.},
  Publisher                = {Grupo Gen - Guanabara Koogan},
  Year                     = {2012},

  ISBN                     = {9788527719285},
  Url                      = {https://books.google.com.br/books?id=c8owywAACAAJ}
}

@Book{resnizky2015learning,
  Title                    = {Learning {Shiny}},
  Author                   = {Resnizky, H.G.},
  Publisher                = {Packt Publishing},
  Year                     = {2015},

  ISBN                     = {9781785281990},
  Url                      = {https://books.google.com.br/books?id=P\_1\_CwAAQBAJ}
}

@Book{stodden2014implementing,
  Title                    = {Implementing Reproducible Research},
  Author                   = {Stodden, V. and Leisch, F. and Peng, R.D.},
  Publisher                = {Taylor \& Francis},
  Year                     = {2014},
  Series                   = {Chapman \& Hall/CRC The {R} Series},

  ISBN                     = {9781466561595},
  Lccn                     = {2013036694},
  Url                      = {https://books.google.com.br/books?id=JcmSAwAAQBAJ}
}

@Book{wickham2015r,
  Title                    = {{R} Packages: Organize, Test, Document, and Share Your Code},
  Author                   = {Wickham, H.},
  Publisher                = {O'Reilly Media},
  Year                     = {2015},

  ISBN                     = {9781491910566},
  Lccn                     = {2015472811},
  Url                      = {https://books.google.com.br/books?id=DqSxBwAAQBAJ}
}

@Book{xie2016bookdown,
  Title                    = {bookdown: Authoring Books and Technical Documents with {R} Markdown},
  Author                   = {Xie, Y.},
  Publisher                = {CRC Press},
  Year                     = {2016},
  Series                   = {Chapman \& Hall/CRC The {R} Series},

  ISBN                     = {9781351792608},
  Url                      = {https://books.google.com.br/books?id=8nm0DQAAQBAJ}
}

@Book{xie2017blogdown,
  Title                    = {blogdown: Creating Websites with {R} Markdown},
  Author                   = {Xie, Y. and Hill, A.P. and Thomas, A.},
  Publisher                = {CRC Press},
  Year                     = {2017},
  Series                   = {Chapman \& Hall/CRC The {R} Series},

  ISBN                     = {9781351108171},
  Url                      = {https://books.google.com.br/books?id=riBBDwAAQBAJ}
}

@Book{pereira2012artigos,
  Title                    = {Artigos cientiÃÅficos : como redigir, publicar e avaliar},
  Author                   = {Pereira, Mauricio},
  Publisher                = {Grupo Gen - Guanabara Koogan},
  Year                     = {2012},

  Address                  = {Rio de Janeiro},

  ISBN                     = {9788527719285}
}

